<?xml version="1.0" encoding="UTF-8"?><record xmlns="http://www.loc.gov/MARC21/slim" xmlns:cinclude="http://apache.org/cocoon/include/1.0" xmlns:zs="http://www.loc.gov/zing/srw/">
  <leader>00944cz  a2200229n  4500</leader>
  <controlfield tag="001">n  81023111 </controlfield>
  <controlfield tag="003">DLC</controlfield>
  <controlfield tag="005">20121005074727.0</controlfield>
  <controlfield tag="008">810508n| acannaabn          |a ana      </controlfield>
  <datafield tag="010" ind1=" " ind2=" ">
    <subfield code="a">n  81023111 </subfield>
    <subfield code="z">n  50074721 </subfield>
  </datafield>
  <datafield tag="035" ind1=" " ind2=" ">
    <subfield code="a">(OCoLC)oca00568905</subfield>
  </datafield>
  <datafield tag="040" ind1=" " ind2=" ">
    <subfield code="a">DLC</subfield>
    <subfield code="b">eng</subfield>
    <subfield code="c">DLC</subfield>
    <subfield code="d">OCoLC</subfield>
    <subfield code="d">WaU</subfield>
  </datafield>
  <datafield tag="046" ind1=" " ind2=" ">
    <subfield code="s">1962</subfield>
    <subfield code="v">Wikipedia, Oct. 3, 2012</subfield>
  </datafield>
  <datafield tag="110" ind1="2" ind2=" ">
    <subfield code="a">New York Mets (Baseball team)</subfield>
  </datafield>
  <datafield tag="368" ind1=" " ind2=" ">
    <subfield code="a">Baseball team</subfield>
  </datafield>
  <datafield tag="370" ind1=" " ind2=" ">
    <subfield code="c">U.S.</subfield>
    <subfield code="e">Queens, New York, N.Y.</subfield>
  </datafield>
  <datafield tag="372" ind1=" " ind2=" ">
    <subfield code="a">Professional baseball</subfield>
  </datafield>
  <datafield tag="373" ind1=" " ind2=" ">
    <subfield code="a">National League of Professional Baseball Clubs</subfield>
  </datafield>
  <datafield tag="410" ind1="1" ind2=" ">
    <subfield code="w">nnaa</subfield>
    <subfield code="a">New York (City).</subfield>
    <subfield code="b">Baseball club (National League, Mets)</subfield>
  </datafield>
  <datafield tag="410" ind1="2" ind2=" ">
    <subfield code="a">Mets (Baseball team)</subfield>
  </datafield>
  <datafield tag="670" ind1=" " ind2=" ">
    <subfield code="a">Breslin, J. Can't anybody here play ... 1963.</subfield>
  </datafield>
  <datafield tag="670" ind1=" " ind2=" ">
    <subfield code="a">Wikipedia, Oct. 3, 2012</subfield>
    <subfield code="b">(The New York Mets are a professional baseball team based in the borough of Queens in New York City. They belong to Major League Baseball's National League East Division; established 1962)</subfield>
  </datafield>
</record>